@incollection{dyvik2004,
  title={Translations as semantic mirrors: from parallel corpus to wordnet},
  author={Dyvik, Helge},
  booktitle={Advances in corpus linguistics},
  pages={309--326},
  year={2004},
  publisher={Brill Rodopi}
}

@inproceedings{lohk2018,
  title={An Experiment: Using Google Translate and Semantic Mirrors to Create Synsets with Many Lexical Units},
  author={Lohk, Ahti and Tombak, Mati and Vare, Kadri},
  booktitle={Proceedings of the 9th Global WordNet Conference (GWC 2018)},
  pages={328},
  year={2018}
}

@inproceedings{sagot2008,
  TITLE = {{Building a free French wordnet from multilingual resources}},
  AUTHOR = {Sagot, Beno{\^i}t and Fi{\v s}er, Darja},
  URL = {https://hal.inria.fr/inria-00614708},
  BOOKTITLE = {{OntoLex}},
  ADDRESS = {Marrakech, Morocco},
  YEAR = {2008},
  MONTH = May,
  PDF = {https://hal.inria.fr/inria-00614708/file/Ontolex08.pdf},
  HAL_ID = {inria-00614708},
  HAL_VERSION = {v1},
}

